<?xml version="1.0" encoding="UTF-8"?><collection xmlns="http://www.loc.gov/MARC21/slim"><record><leader>00531nam--2200181-i-4500</leader><controlfield tag="001">000047073</controlfield><controlfield tag="002">20161230</controlfield><controlfield tag="005">20161230201046</controlfield><controlfield tag="008">060222s1000------------r-----000-0-eng-d</controlfield><datafield ind1=" " ind2=" " tag="040"><subfield code="a">IFIN-HH</subfield></datafield><datafield ind1=" " ind2=" " tag="080"><subfield code="a">62(038)=002=20=30:801.323.2=20=30</subfield></datafield><datafield ind1=" " ind2="1" tag="100"><subfield code="a">De Vries, Louis</subfield></datafield><datafield ind1="1" ind2="0" tag="245"><subfield code="a">English-german technical and engineering dictionary</subfield><subfield code="c">Louis devries</subfield></datafield><datafield ind1=" " ind2=" " tag="250"><subfield code="a">Eighth Edition</subfield></datafield><datafield ind1=" " ind2=" " tag="260"><subfield code="a">New York</subfield><subfield code="b">Mcgraw-hill Publishing Company Limited</subfield><subfield code="c">1965</subfield></datafield><datafield ind1=" " ind2=" " tag="300"><subfield code="a">XV +997 P</subfield></datafield><datafield ind1=" " ind2=" " tag="852"><subfield code="a">D.354</subfield><subfield code="c">SLT</subfield></datafield><datafield ind1=" " ind2=" " tag="CAT"><subfield code="a">Sys</subfield><subfield code="c">20130225</subfield><subfield code="h">123316</subfield></datafield></record></collection>